% Encoding: UTF-8

@Article{Dreamer2025a,
  author  = {Dreamer},
  title   = {Is Dreaming},
  journal = {Pro Dreamer},
  year    = {2025},
}

